@article{cytoscape,
    author = {Killcoyne, Sarah and Carter, Gregory W. and Smith, Jennifer and Boyle, John},
    doi = {10.1007/978-1-60761-175-2\_12},
    issn = {1064-3745},
    journal = {Methods in molecular biology (Clifton, N.J.)},
    keywords = {cytoscape},
    pages = {219--239},
    pmid = {19597788},
    posted-at = {2010-11-02 23:50:22},
    priority = {2},
    title = {{Cytoscape: a community-based framework for network modeling.}},
    volume = {563},
    year = {2009}
}

@article {uppaal,
   author = {Larsen, Kim G. and Pettersson, Paul and Yi, Wang},
   affiliation = {Department of Computer Science and Mathematics, Aalborg University, Denmark; E-mail: kgl@cs.auc.dk DK},
   title = {{UPPAAL} in a nutshell},
   journal = {International Journal on Software Tools for Technology Transfer (STTT)},
   publisher = {Springer Berlin / Heidelberg},
   issn = {1433-2779},
   pages = {134-152},
   volume = {1},
   issue = {1},
   year = {1997}
}

@incollection {uppaal-smc,
   author = {David, Alexandre and Larsen, Kim and Legay, Axel and Miku\v{c}ionis, Marius and Wang, Zheng},
   affiliation = {Computer Science, Aalborg University, Denmark},
   title = {Time for Statistical Model Checking of Real-Time Systems},
   booktitle = {Computer Aided Verification},
   series = {Lecture Notes in Computer Science},
   editor = {Gopalakrishnan, Ganesh and Qadeer, Shaz},
   publisher = {Springer Berlin / Heidelberg},
   isbn = {978-3-642-22109-5},
   keyword = {Computer Science},
   pages = {349-355},
   volume = {6806},
   year = {2011}
}

@ARTICLE{uppaal-smc-priced,
   author = {{Bulychev}, P. and {David}, A. and {Gulstrand Larsen}, K. and 
	{Miku{\v c}ionis}, M. and {B{\o}gsted Poulsen}, D. and {Legay}, A. and 
	{Wang}, Z.},
    title = "{UPPAAL-SMC: Statistical Model Checking for Priced Timed Automata}",
  journal = {ArXiv e-prints},
   eprint = {1207.1272},
 keywords = {Computer Science - Logic in Computer Science, Computer Science - Formal Languages and Automata Theory},
     year = 2012,
    month = jul
}

@incollection {uppaal-tutorial,
   author = {Behrmann, Gerd and David, Alexandre and Larsen, Kim},
   affiliation = {Department of Computer Science, Aalborg University, Denmark},
   title = {A Tutorial on {UPPAAL}},
   booktitle = {Formal Methods for the Design of Real-Time Systems},
   series = {Lecture Notes in Computer Science},
   editor = {Bernardo, Marco and Corradini, Flavio},
   publisher = {Springer Berlin / Heidelberg},
   isbn = {},
   pages = {33-35},
   volume = {3185},
   year = {2004}
}

@article{timed-automata-alur,
 author = {Alur, Rajeev and Dill, David L.},
 title = {A theory of timed automata},
 journal = {Theor. Comput. Sci.},
 volume = {126},
 issue = {2},
 month = {April},
 year = {1994},
 issn = {0304-3975},
 pages = {183--235},
 numpages = {53},
 acmid = {180519},
 publisher = {Elsevier Science Publishers Ltd.},
 address = {Essex, UK}
} 


@article{timed-automata,
    author = {Bengtsson, Johan and Yi, Wang},
    journal = {Lectures on Concurrency and Petri Nets},
    keywords = {rts, ta, uppaal},
    pages = {87--124},
    posted-at = {2009-08-21 18:53:46},
    priority = {2},
    title = {{Timed Automata}: semantics, algorithms and tools},
    year = {2004}
}

@incollection {model-checking,
   author = {Clarke, Edmund},
   affiliation = {Carnegie Mellon Department of Computer Science Pittsburgh},
   title = {Model checking},
   booktitle = {Foundations of Software Technology and Theoretical Computer Science},
   series = {Lecture Notes in Computer Science},
   editor = {Ramesh, S. and Sivakumar, G},
   publisher = {Springer Berlin / Heidelberg},
   isbn = {},
   pages = {54-56},
   volume = {1346},
   year = {1997}
}

@article{ex-bio,
    author = {Fisher, Jasmin and Henzinger, Thomas A.},
    day = {07},
    issn = {1087-0156},
    journal = {Nature biotechnology},
    keywords = {executable},
    month = nov,
    number = {11},
    pages = {1239--1249},
    publisher = {Nature Publishing Group},
    title = {{Executable cell biology.}},
    volume = {25},
    year = {2007}
}

@article{priami-alg-sys-bio,
 author = {Priami, Corrado},
 title = {Algorithmic systems biology},
 journal = {Commun. ACM},
 issue_date = {May 2009},
 volume = {52},
 issue = {5},
 month = {May},
 year = {2009},
 issn = {0001-0782},
 pages = {80--88},
 numpages = {9},
 acmid = {1506427},
 publisher = {ACM},
 address = {New York, NY, USA},
}


@article{kwiatowska-heath-pathways,
    author = {Kwiatkowska, Marta Z. and Heath, John K.},
    title = {Biological pathways as communicating computer systems},
    booktitle = {J Cell Sci},
    day = {15},
    doi = {10.1242/jcs.039701},
    issn = {0021-9533},
    journal = {Journal of Cell Science},
    keywords = {pathways, review},
    month = aug,
    number = {16},
    pages = {2793--2800},
    volume = {122},
    year = {2009}
}

@incollection {ode-ma-anche-altro,
   author = {Daigle, Bernie J. and Srinivasan, Balaji S. and Flannick, Jason A. and Novak, Antal F. and Batzoglou, Serafim},
   affiliation = {Department of Genetics, Stanford University School of Medicine, Stanford, CA, USA},
   title = {Current Progress in Static and Dynamic Modeling of Biological Networks},
   booktitle = {Systems Biology for Signaling Networks},
   series = {Systems Biology},
   editor = {Choi, Sangdun},
   publisher = {Springer New York},
   isbn = {978-1-4419-5797-9},
   keyword = {Biomedical and Life Sciences},
   pages = {13-73},
   volume = {1},
   year = {2010}
}

@ARTICLE{hidde-review,
    author = {Hidde De Jong},
    title = {Modeling and simulation of genetic regulatory systems: A literature review},
    journal = {Journal of Computational Biology},
    year = {2002},
    volume = {9},
    pages = {67--103}
}


@article{gna,
    author = {de Jong, Hidde and Geiselmann, Johannes and Hernandez, C\'{e}line and Page, Michel},
    day = {12},
    journal = {Bioinformatics},
    month = feb,
    number = {3},
    pages = {336--344},
    priority = {2},
    title = {{Genetic Network Analyzer: qualitative simulation of genetic regulatory networks}},
    volume = {19},
    year = {2003}
}


@INPROCEEDINGS{sbw,
author={Bergmann, F.T. and Sauro, H.M.},
booktitle={Proceedings of the Winter Simulation Conference, 2006. {WSC 06}.},
title={{SBW} \--\ A Modular Framework for Systems Biology},
year={2006},
pages={1637-1645},
doi={10.1109/WSC.2006.322938}
}

@inproceedings{celldesigner,
 author = {Funahashi, Akira and Matsuoka, Yukiko and Jouraku, Akiya and Kitano, Hiroaki and Kikuchi, Norihiro},
 title = {{CellDesigner}: a modeling tool for biochemical networks},
 booktitle = {Proceedings of the 38th conference on Winter simulation},
 series = {WSC '06},
 year = {2006},
 isbn = {1-4244-0501-7},
 location = {Monterey, California},
 pages = {1707--1712},
 numpages = {6},
 acmid = {1218422},
 publisher = {Winter Simulation Conference}
} 


@article{logic-based-models,
    author = {Morris, Melody K. and Saez-Rodriguez, Julio and Sorger, Peter K. and Lauffenburger, Douglas A.},
    day = {20},
    doi = {10.1021/bi902202q},
    issn = {1520-4995},
    journal = {Biochemistry},
    keywords = {networks},
    month = apr,
    number = {15},
    pages = {3216--3224},
    title = {{Logic-based models for the analysis of cell signaling networks.}},
    volume = {49},
    year = {2010}
}

@article{boolean-networks,
    author = {Kauffman, Stuart A.},
    journal = {Journal of Theoretical Biology},
    keywords = {epigenesis, genetic-net, metabolic, theory},
    month = mar,
    number = {3},
    pages = {437--467},
    title = {{Metabolic stability and epigenesis in randomly constructed genetic nets}},
    volume = {22},
    year = {1969}
}

@article{boolean-networks2,
    author = {Shmulevich, Ilya and Zhang, Wei},
    day = {1},
    journal = {Bioinformatics},
    keywords = {binarization, comps, discretization, quantization},
    month = apr,
    number = {4},
    pages = {555--565},
    title = {{Binary analysis and optimization-based normalization of gene expression data}},
    volume = {18},
    year = {2002}
}

@article{qualitative-networks,
    author = {Schaub, Marc and Henzinger, Thomas and Fisher, Jasmin},
    issn = {1752-0509},
    journal = {BMC Systems Biology},
    keywords = {boolean\_networks, computational},
    number = {1},
    pages = {4+},
    title = {{Qualitative networks: a symbolic approach to analyze biological signaling networks}},
    volume = {1},
    year = {2007}
}


@incollection {petri-nets,
   author = {Reisig, Wolfgang},
   affiliation = {Department of Computer Science, Humboldt-Universität zu Berlin, Unter den Linden 6, 10099 Berlin, Germany},
   title = {Petri Nets},
   booktitle = {Modeling in Systems Biology},
   series = {Computational Biology},
   editor = {Koch, Ina and Reisig, Wolfgang and Schreiber, Falk and Dress, Andreas and Vingron, Martin and Myers, Gene and Giegerich, Robert and Fitch, Walter and Pevzner, Pavel A.},
   publisher = {Springer London},
   isbn = {978-1-84996-474-6},
   keyword = {Computer Science},
   pages = {37-56},
   volume = {16},
   note = {10.1007/978-1-84996-474-6\_3},
   year = {2011}
}

@article{petri-nets2,
author = {Nicola Bonzanni and Elzbieta Krepska and K. Anton Feenstra and Wan Fokkink and Thilo Kielmann and Henri E. Bal and Jaap Heringa},
title = {Executing multicellular differentiation: quantitative predictive modelling of C.elegans vulval development},
journal = {Bioinformatics/computer Applications in The Biosciences},
volume = {25},
year = {2009},
pages = {2049--2056},
doi = {10.1093/bioinformatics/btp355}
}

@incollection{copasi,
    address = {Totowa, NJ},
    author = {Mendes, Pedro and Hoops, Stefan and Sahle, Sven and Gauges, Ralph and Dada, Joseph and Kummer, Ursula},
    chapter = {2},
    editor = {Maly, Ivan V. and Walker, John M. and Walker, John M.},
    isbn = {978-1-934115-64-0},
    issn = {1064-3745},
    journal = {Methods in molecular biology (Clifton, N.J.)},
    keywords = {copasi, gepasi, pedro-mendes, systems-biology, ursula-kummer},
    pages = {17--59},
    publisher = {Humana Press},
    series = {Methods in Molecular Biology},
    title = {{Computational modeling of biochemical networks using COPASI systems biology}},
    volume = {500},
    year = {2009}
}

@incollection{copasi-application,
title = "Enzyme Kinetics and Computational Modeling for Systems Biology",
editor = "",
booktitle = "Methods in Enzymology",
publisher = "Academic Press",
year = "",
volume = "467",
pages = "583 - 599",
series = "Methods in Enzymology",
issn = "0076-6879",
author = "Pedro Mendes and Hanan Messiha and Naglis Malys and Stefan Hoops"
}



@article{e-cell,
    address = {Laboratory for Bioinformatics, Keio University, 5322 Endo, Fujisawa, 252, Japan.mt@sfc.keio.ac.jp},
    author = {Masaru Tomita and Kenta Hashimoto and Kouichi Takahashi and Thomas Simon Shimizu and Yuri Matsuzaki and
Fumihiko Miyoshi and Kanako Saito and Sakura Tanida and Katsuyuki Yugi and J. Craig Venter and Clyde A. Hutchison III},
    day = {1},
    issn = {1367-4803},
    journal = {Bioinformatics},
    month = jan,
    number = {1},
    pages = {72--84},
    title = {{E-CELL: software environment for whole-cell simulation.}},
    volume = {15},
    year = {1999}
}


@misc{cellucidate,
  title={Rulebase web site},
  howpublished={\url{http://rulebase.org}}
}

@article{cell-illustrator,
author = {Nagasaki, Masao and Saito, Ayumu and Jeong, Euna and Li, Chen and Kojima, Kaname and Ikeda, Emi and Miyano, Satoru},
title = {{Cell Illustrator} 4.0: a computational platform for systems biology.},
journal = {Stud Health Technol Inform},
volume = {162},
year = {2011},
number = {},
pages = {160-81},
issn = {0926-9630}
}


@inproceedings{pathway-logic-assistant,
        author = {A. Abate and Y. Bai and N. Sznajder and C. Talcott and A. Tiwari},
        title = {Quantitative and Probabilistic Modeling in Pathway Logic},
        booktitle = {Proc. 7th {IEEE} Intl. Conf. on BioInformatics and BioEngineering, BIBE07},
        pages = {922-929},
        month = {Oct},
        year = {2007},
        address = {Boston, MA}
}

@article{statecharts,
 author = {Harel, David and Setty, Yaki and Efroni, Sol and Swerdlin, Naamah and Cohen, Irun R.},
 title = {Concurrency in Biological Modeling: Behavior, Execution and Visualization},
 journal = {Electron. Notes Theor. Comput. Sci.},
 volume = {194},
 issue = {3},
 month = {January},
 year = {2008},
 issn = {1571-0661},
 pages = {119--131},
 numpages = {13},
 publisher = {Elsevier Science Publishers B. V.},
 address = {Amsterdam, The Netherlands, The Netherlands}
} 

@article{biocharts,
    author = {Kugler, Hillel and Larjo, Antti and Harel, David},
    comment = {Implement a two-tier modelling, which they call Biocharts. At the high level, they use statecharts to model cellular behaviour. These can then be combined with a well defined language (such as petri nets or process calculi) for specifying dynamics of pathways and networks. Demonstrate this working for Bacterial Chemotaxis, with nice examples of the statecharts used.},
    day = {6},
    doi = {10.1098/rsif.2009.0457},
    issn = {1742-5662},
    journal = {Journal of The Royal Society Interface},
    keywords = {diagrammatic, multiscale, pathways, statecharts, systems\_engineering},
    month = jul,
    number = {48},
    pages = {1015--1024},
    pmid = {20022895},
    title = {{Biocharts: a visual formalism for complex biological systems}},
    volume = {7},
    year = {2010}
}


@book{pi-calculus,
    author = {Milner, Robin},
    day = {15},
    edition = {1st},
    howpublished = {Paperback},
    isbn = {0521658691},
    month = jun,
    publisher = {Cambridge University Press},
    title = {{Communicating and Mobile Systems: the Pi-Calculus}},
    year = {1999}
}

@article{biochem-pi,
 author = {Priami, Corrado and Regev, Aviv and Shapiro, Ehud and Silverman, William},
 title = {Application of a stochastic name-passing calculus to representation and simulation of molecular processes},
 journal = {Inf. Process. Lett.},
 volume = {80},
 issue = {1},
 month = {October},
 year = {2001},
 issn = {0020-0190},
 pages = {25--31},
 numpages = {7},
 publisher = {Elsevier North-Holland, Inc.},
 address = {Amsterdam, The Netherlands, The Netherlands}
}

@incollection {beta-binders,
   author = {Priami, Corrado and Quaglia, Paola},
   affiliation = {Dipartimento di Informatica e Telecomunicazioni, Università di Trento, Italy},
   title = {{Beta Binders for biological interactions}},
   booktitle = {Computational Methods in Systems Biology},
   series = {Lecture Notes in Computer Science},
   editor = {Danos, Vincent and Schachter, Vincent},
   publisher = {Springer Berlin / Heidelberg},
   pages = {20-33},
   volume = {3082},
   year = {2005}
}

@article{beta-binders-stoch,
    author = {Degano, Pierpaolo and Prandi, Davide and Priami, Corrado and Quaglia, Paola},
    booktitle = {Proceedings of the 4th International Workshop on Quantitative Aspects of Programming Languages (QAPL 2006), Quantitative Aspects of Programming Languages 2006},
    day = {26},
    journal = {Electronic Notes in Theoretical Computer Science},
    keywords = {beta-binders, modeling, quantitative},
    month = oct,
    number = {3},
    pages = {101--117},
    title = {{Beta-Binders for biological quantitative experiments}},
    volume = {164},
    year = {2006}
}

@book{pepa,
 author = {Hillston, Jane},
 title = {A compositional approach to performance modelling},
 year = {1996},
 isbn = {0-521-57189-8},
 publisher = {Cambridge University Press},
 address = {New York, NY, USA}
}

@article{bio-pepa,
 author = {Ciocchetta, Federica and Hillston, Jane},
 title = {{Bio-PEPA: A framework for the modelling and analysis of biological systems}},
 journal = {Theor. Comput. Sci.},
 volume = {410},
 issue = {33-34},
 month = {August},
 year = {2009},
 issn = {0304-3975},
 pages = {3065--3084},
 numpages = {20},
 publisher = {Elsevier Science Publishers Ltd.},
 address = {Essex, UK}
}

@incollection {biopepa-nfkb,
   author = {Ciocchetta, Federica and Degasperi, Andrea and Heath, John and Hillston, Jane},
   affiliation = {Microsoft Research - University of Trento Centre for Computational and Systems Biology, Trento, Italy},
   title = {Modelling and Analysis of the {NF-$\kappa$B} Pathway in {Bio-PEPA}},
   booktitle = {Transactions on Computational Systems Biology XII},
   series = {Lecture Notes in Computer Science},
   editor = {Priami, Corrado and Breitling, Rainer and Gilbert, David and Heiner, Monika and Uhrmacher, Adelinde},
   publisher = {Springer Berlin / Heidelberg},
   isbn = {978-3-642-11711-4},
   keyword = {Computer Science},
   pages = {229-262},
   volume = {5945},
   year = {2010}
}



@incollection{blenx4bio,
   author = {Priami, Corrado and Ballarini, Paolo and Quaglia, Paola},
   affiliation = {CoSBi Italy},
   title = {{BlenX4Bio - BlenX for biologists}},
   booktitle = {Computational Methods in Systems Biology},
   series = {Lecture Notes in Computer Science},
   editor = {Degano, Pierpaolo and Gorrieri, Roberto},
   publisher = {Springer Berlin / Heidelberg},
   pages = {26-51},
   volume = {5688},
   note = {10.1007/978-3-642-03845-7\_{}3},
   year = {2009}
}


@article{biopepa-interface,
  author = {Federica Ciocchetta and Adam Duguid and Stephen Gilmore and Maria Luisa Guerriero and Jane Hillston},
  title = {{The Bio-PEPA Tool Suite}},
  journal ={Quantitative Evaluation of Systems, International Conference on},
  volume = {0},
  isbn = {978-0-7695-3808-2},
  year = {2009},
  pages = {309-310},
  publisher = {IEEE Computer Society},
  address = {Los Alamitos, CA, USA}
}

@article{biopepa-ctmc-ode,
 author = {Ciocchetta, Federica and Degasperi, Andrea and Hillston, Jane and Calder, Muffy},
 title = {{Some investigations concerning the CTMC and the ODE model derived from Bio-PEPA}},
 journal = {Electron. Notes Theor. Comput. Sci.},
 volume = {229},
 issue = {1},
 month = {February},
 year = {2009},
 issn = {1571-0661},
 pages = {145--163},
 numpages = {19},
 publisher = {Elsevier Science Publishers B. V.},
 address = {Amsterdam, The Netherlands, The Netherlands}
}

@article{blenx,
 author = {Dematt\'{e}, Lorenzo and Priami, Corrado and Romanel, Alessandro},
 title = {{Modelling and simulation of biological processes in BlenX}},
 journal = {SIGMETRICS Perform. Eval. Rev.},
 volume = {35},
 issue = {4},
 month = {March},
 year = {2008},
 issn = {0163-5999},
 pages = {32--39},
 numpages = {8},
 publisher = {ACM},
 address = {New York, NY, USA}
} 

@INPROCEEDINGS{blenx-ode,
AUTHOR = {Alida Palmisano and I. Mura and Corrado Priami},
TITLE = {{From ODES to language-based, executable models of biological systems}},
booktitle = {Pacific Symposium on Biocomputing'09},
PAGES = {239-250},
YEAR = {2009}
}

@article{blenx-parkinson,
author = {Paola Lecca},
title = {{BlenX} models of $\alpha$-synuclein and parkin kinetics in neuropathology of {Parkinson}'s disease},
journal = {Journal of Biological Systems},
volume = {19},
issue = {2},
month = {June},
year = {2011},
issn = {0218-3390},
pages = {149--181}
}


@BOOK{ctmc,
  AUTHOR =       {John G. Kemeny and J. Laurie Snell},
  TITLE =        {{Finite Markov Chains}},
  PUBLISHER =    {Springer},
  YEAR =         {1976}
}


@inproceedings{prism,
  author    = {Marta Z. Kwiatkowska and
               Gethin Norman and
               David Parker},
  title     = {PRISM 4.0: Verification of Probabilistic Real-Time Systems},
  booktitle = {CAV},
  year      = {2011},
  pages     = {585-591},
publisher={Springer},
series={LNCS},
volume={6806}
}

@article{pathway-compendium,
    address = {Department of Biology, Massachusetts Institute of Technology, Cambridge, Massachusetts 02139, USA.},
    author = {Gaudet, Suzanne and Janes, Kevin A. and Albeck, John G. and Pace, Emily A. and Lauffenburger, Douglas A.
and Sorger, Peter K.},
    doi = {10.1074/mcp.M500158-MCP200},
    issn = {1535-9476},
    journal = {Mol Cell Proteomics},
    keywords = {systems\_biology},
    month = oct,
    number = {10},
    pages = {1569--1590},
    title = {{A compendium of signals and responses triggered by prodeath and prosurvival cytokines.}},
    volume = {4},
    year = {2005}
}


@article{pathway-autocrine,
title = "The Response of Human Epithelial Cells to {TNF} Involves an Inducible Autocrine Cascade",
journal = "Cell",
volume = "124",
number = "6",
pages = "1225 - 1239",
year = "2006",
note = "",
issn = "0092-8674",
doi = "DOI: 10.1016/j.cell.2006.01.041",
author = "Kevin A. Janes and Suzanne Gaudet and John G. Albeck and Ulrik B. Nielsen and Douglas A. Lauffenburger and Peter K. Sorger"
}

@article{pathway-fuzzy,
    author = {Aldridge, Bree B. and Saez-Rodriguez, Julio and Muhlich, Jeremy L. and Sorger, Peter K. and Lauffenburger, Douglas A.},
    day = {3},
    issn = {1553-7358},
    journal = {PLoS Comput Biol},
    keywords = {logic, systemsbiology},
    month = apr,
    number = {4},
    pages = {e1000340+},
    publisher = {Public Library of Science},
    title = {{Fuzzy logic analysis of kinase pathway crosstalk in TNF/EGF/Insulin-induced signaling}},
    volume = {5},
    year = {2009}
}

@article{pathway-fuzzy2,
    author = {Morris, Melody K. AND Saez-Rodriguez, Julio AND Clarke, David C. AND Sorger, Peter K. AND Lauffenburger, Douglas A.},
    journal = {PLoS Comput Biol},
    publisher = {Public Library of Science},
    title = {Training Signaling Pathway Maps to Biochemical Data with Constrained Fuzzy Logic: Quantitative Analysis of Liver Cell Responses to Inflammatory Stimuli},
    year = {2011},
    month = {03},
    volume = {7},
    pages = {e1001099},
    number = {3}
}

@article{egf-ngf,
    author = {Santos, Silvia D. M. and Verveer, Peter J. and Bastiaens, Philippe I. H.},
    day = {18},
    doi = {10.1038/ncb1543},
    issn = {1465-7392},
    journal = {Nature Cell Biology},
    month = feb,
    number = {3},
    pages = {324--330},
    publisher = {Nature Publishing Group},
    title = {{Growth factor-induced MAPK network topology shapes Erk response determining PC-12 cell fate}},
    volume = {9},
    year = {2007}
}


@article{kegg,
    address = {Institute for Chemical Research, Kyoto University, Uji, Kyoto 611-0011, Japan. kanehisa@kuicr.kyoto-u.ac.jp},
    author = {Kanehisa, M. and Goto, S.},
    day = {1},
    doi = {10.1093/nar/28.1.27},
    issn = {0305-1048},
    journal = {Nucleic Acids Research},
    keywords = {kegg, pathway},
    month = jan,
    number = {1},
    pages = {27--30},
    title = {{KEGG: Kyoto Encyclopedia of Genes and Genomes}},
    volume = {28},
    year = {2000}
}


@article{animo-biologic,
author = {Stefano Schivo and Jetse Scholma and Brend Wanders and Ricardo A. Urquidi Camacho and Paul E. van der Vet and Marcel Karperien and Rom Langerak and Jaco van de Pol and Janine N. Post},
title = {Bringing biological networks to life with {ANIMO}},
journal = {Submitted for publication},
year = {2012}
}

@inproceedings{animo-bibe,
author = {Stefano Schivo and Jetse Scholma and Brend Wanders and Ricardo A. Urquidi Camacho and Paul E. van der Vet and Marcel Karperien and Rom Langerak and Jaco van de Pol and Janine N. Post},
title = {Modelling biological pathway dynamics with {Timed Automata}},
booktitle = {2012 IEEE 12th International Conference on Bioinformatics \& Bioengineering (BIBE)},
isbn = {978-1-4673-4357-2},
doi = {http://doi.ieeecomputersociety.org/10.1109/BIBE.2012.6399719},
year = {2012},
pages={447--453},
publisher={IEEE Computer Society},
address = {Los Alamitos, CA, USA}
}


@misc{animo-site,
  author={ANIMO},
  howpublished={\url{http://fmt.cs.utwente.nl/tools/animo}}
}

@incollection {test-based-modelling,
   author = {Tretmans, Jan},
   affiliation = {Embedded Systems Institute, Eindhoven, The Netherlands},
   title = {Model-Based Testing and Some Steps towards Test-Based Modelling},
   booktitle = {Formal Methods for Eternal Networked Software Systems},
   series = {Lecture Notes in Computer Science},
   editor = {Bernardo, Marco and Issarny, Val\'{e}rie},
   publisher = {Springer Berlin / Heidelberg},
   isbn = {978-3-642-21454-7},
   keyword = {Computer Science},
   pages = {297-326},
   volume = {6659},
   year = {2011}
}

@incollection {oded-ta-discretization,
   author = {Maler, Oded and Batt, Gr\'{e}gory},
   affiliation = {Verimag-UJF-CNRS 2 Av. de Vignate 38610 Gi\`{e}res France},
   title = {Approximating Continuous Systems by Timed Automata},
   booktitle = {Formal Methods in Systems Biology}, 
   series = {Lecture Notes in Computer Science}, 
   editor = {Fisher, Jasmin}, 
   publisher = {Springer Berlin / Heidelberg}, 
   isbn = {978-3-540-68410-7}, 
   keyword = {Computer Science}, 
   pages = {77-89}, 
   volume = {5054}, 
   year = {2008}
}

@incollection {oded-gene-networks,
   author = {Batt, Gr\'{e}gory and Ben Salah, Ramzi and Maler, Oded},
   affiliation = {VERIMAG, 2, av. de Vignate, 38610 Gieres France},
   title = {On Timed Models of Gene Networks},
   booktitle = {Formal Modeling and Analysis of Timed Systems},
   series = {Lecture Notes in Computer Science},
   editor = {Raskin, Jean-François and Thiagarajan, P.},
   publisher = {Springer Berlin / Heidelberg},
   isbn = {978-3-540-75453-4},
   pages = {38-52},
   volume = {4763},
   year = {2007}
}

@article{oded-bio-reachable,
title = "Computing reachable states for nonlinear biological models",
journal = "Theoretical Computer Science",
volume = "412",
number = "21",
pages = "2095 - 2107",
year = "2011",
issn = "0304-3975",
author = "Thao Dang and Colas Le Guernic and Oded Maler"
}

@article{ta-siebert,
 author = {Siebert, Heike and Bockmayr, Alexander},
 title = {Temporal constraints in the logical analysis of regulatory networks},
 journal = {Theor. Comput. Sci.},
 issue_date = {February, 2008},
 volume = {391},
 number = {3},
 month = feb,
 year = {2008},
 issn = {0304-3975},
 pages = {258--275},
 numpages = {18},
 publisher = {Elsevier Science Publishers Ltd.},
 address = {Essex, UK}
}


@article{bartocci-oscillators,
title = "Model Checking Biological Oscillators",
journal = "Electronic Notes in Theoretical Computer Science",
volume = "229",
number = "1",
pages = "41--58",
year = "2009",
note = "Proceedings of the Second Workshop From Biology to Concurrency and Back (FBTC 2008)",
issn = "1571-0661",
author = "Ezio Bartocci and Flavio Corradini and Emanuela Merelli and Luca Tesei"
}

@article{oa-bio1,
title = "Gene expression profiling of dedifferentiated human articular chondrocytes in monolayer culture",
journal = "Osteoarthritis and Cartilage",
volume = "21",
number = "4",
pages = "599 - 603",
year = "2013",
issn = "1063-4584",
doi = "10.1016/j.joca.2013.01.014",
author = "B. Ma and J.C.H. Leijten and L. Wu and M. Kip and C.A. van Blitterswijk and J.N. Post and M. Karperien"
}

@article {oa-bio2,
author = {Leijten, J. C. H. and Emons, J. and Sticht, C. and van Gool, S. and Decker, E. and Uitterlinden, A. and Rappold, G. and Hofman, A. and Rivadeneira, F. and Scherjon, S. and Wit, J. M. and van Meurs, J. and van Blitterswijk, C. A. and Karperien, M.},
title = {{Gremlin 1}, {Frizzled}-related protein, and {Dkk-1} are key regulators of human articular cartilage homeostasis},
journal = {Arthritis \& Rheumatism},
volume = {64},
number = {10},
publisher = {Wiley Subscription Services, Inc., A Wiley Company},
issn = {1529-0131},
doi = {10.1002/art.34535},
pages = {3302--3312},
year = {2012}
}
